@book{hoenig1997,
 author = {Hoenig, Alan},
 title = {TEX Unbound: Latex and TEX Strategies for Fonts, Graphics and More},
 year = {1997},
 publisher = {Oxford University Press, Inc.}
} 
@misc{tantau2013,
  title = {The BEAMER class -- user guide for version~3.63},
  author = {T.~Tantau, J.~Wright, V.~Mileti{\'c}},
  year = {2021},
}
@online{tutgraphic,
  title = {Color :: NC State Brand},
  author = {{NC State University}},
  note = {https://brand.ncsu.edu/color/}
}